@article{gorain2018deterministic,
  title={Deterministic graph exploration with advice},
  author={Gorain, Barun and Pelc, Andrzej},
  journal={ACM Transactions on Algorithms (TALG)},
  volume={15},
  number={1},
  pages={1--17},
  year={2018},
  publisher={ACM New York, NY, USA}
}

@inproceedings{aleliunas1979random,
  title={Random walks, universal traversal sequences, and the complexity of maze problems},
  author={Aleliunas, Romas and Karp, Richard M and Lipton, Richard J and Lov{\'a}sz, L{\'a}szl{\'o} and Rackoff, Charles},
  booktitle={20th Annual Symposium on Foundations of Computer Science (sfcs 1979)},
  pages={218--223},
  year={1979},
  organization={IEEE Computer Society}
}

@article{reingold2008undirected,
  title={Undirected connectivity in log-space},
  author={Reingold, Omer},
  journal={Journal of the ACM (JACM)},
  volume={55},
  number={4},
  pages={1--24},
  year={2008},
  publisher={ACM New York, NY, USA}
}

@misc{hagbergnetworkx,
  title={NetworkX: Network Analysis in Python},
  author={Hagberg, Aric and Schult, D and Swart, P}
}
